% Encoding: UTF-8

@article{puspitasari2020,
  title={{Rancang Bangun Aplikasi Kehadiran Perkuliahan Berbasis Teknologi Indoor Positioning System Menggunakan Bluetooth Low Energy dan Metode Klasifikasi K-NN}},
  author={Puspitasari, Rizka},
  journal={ETD Unsyiah},
  year={2020}
}

@inproceedings{povey2011,
  title={{The Kaldi speech recognition toolkit}},
  author={Povey, Daniel and Ghoshal, Arnab and Boulianne, Gilles and Burget, Lukas and Glembek, Ondrej and Goel, Nagendra and Hannemann, Mirko and Motlicek, Petr and Qian, Yanmin and Schwarz, Petr and others},
  booktitle={IEEE 2011 workshop on automatic speech recognition and understanding},
  number={CONF},
  year={2011},
  organization={IEEE Signal Processing Society}
}

@article{musiol2016,
  title={Speeding up Deep Learning},
  author={Musiol, Martin},
  year={2016}
}

@article{misbullah2020,
  title={Penerapan Time Delay Neural Network pada Model Akustik untuk Sistem Voice-to-Text Berbahasa Sunda},
  author={Misbullah, Alim and Nazaruddin, Nazaruddin and Marzuki, Marzuki and Zulfan, Zulfan},
  journal={Journal of Data Analysis},
  volume={2},
  number={2},
  pages={61--70},
  year={2020}
}

@article{laksono2018,
  title={SPEECH TO TEXT UNTUK BAHASA INDONESIA},
  author={Laksono, Teguh Puji and others},
  year={2018},
  publisher={Universitas Islam Indonesia}
}

@article{efendi2019,
  title={Automatic Speech Recognition Bahasa Indonesia Menggunakan Bidirectional Long Short-Term Memory dan Connectionist Temporal Classification},
  author={Efendi, Ruswan},
  year={2019},
  publisher={Universitas Sumatera Utara}
}

@article{heriyanto2018,
  title={EkstraksiI Ciri Mel Frequency Ceptral Coefficient (MFCC) dan Rerata Coefficient untuk Pengecekan Bacaan Al-Qur'an},
  author={Heriyanto, Heriyanto and Hartati, Sri and Putra, Agfianto Eko},
  journal={Telematika: Jurnal Informatika dan Teknologi Informasi},
  volume={15},
  number={2},
  pages={99--108},
  year={2018}
}

@article{umar2019,
  title={Analisis Bentuk Pola Suara Menggunakan Ekstraksi Ciri Mel-Frequencey Cepstral Coefficients (MFCC)},
  author={Umar, Rusydi and Riadi, Imam and Hanif, Abdullah},
  journal={CogITo Smart Journal},
  volume={4},
  number={2},
  pages={294--304},
  year={2019}
}

@inproceedings{gupta2016,
  title={LPC and LPCC method of feature extraction in Speech Recognition System},
  author={Gupta, Harshita and Gupta, Divya},
  booktitle={2016 6th International Conference-Cloud System and Big Data Engineering (Confluence)},
  pages={498--502},
  year={2016},
  organization={IEEE}
}

@article{aggarwal2012,
  title={Integration of multiple acoustic and language models for improved Hindi speech recognition system},
  author={Aggarwal, Rajesh Kumar and Dave, Mayank},
  journal={International Journal of Speech Technology},
  volume={15},
  number={2},
  pages={165--180},
  year={2012},
  publisher={Springer}
}

@article{saksamudre2015,
  title={A review on different approaches for speech recognition system},
  author={Saksamudre, Suman K and Shrishrimal, PP and Deshmukh, RR},
  journal={International Journal of Computer Applications},
  volume={115},
  number={22},
  year={2015},
  publisher={Foundation of Computer Science}
}

@phdthesis{widiyanto2015,
  title={Aplikasi Speech to Text Berbahasa Indonesia Menggunakan Mel-Frequency Cepstral Coefficient Dan Hidden Markov Model},
  author={Widiyanto, Eko and Endah, Sukmawati Nur},
  year={2015},
  school={Universitas Diponegoro}
}

@article{mustikarini2019,
  title={Real-Time Indonesian Language Speech Recognition with MFCC Algorithms and Python-Based SVM},
  author={Mustikarini, Wening and Hidayat, Risanuri and Bejo, Agus},
  journal={IJITEE (International Journal of Information Technology and Electrical Engineering)},
  volume={3},
  number={2},
  pages={55--60},
  year = {2007}
}

@article{azizah2015,
  title={Sistem Automatic Speech Recognition Menggunakan Metode Mfcc Dan Hmms Untuk Deteksi Kesalahan Pengucapan Kata Bahasa Inggris},
  author={Azizah, Rahmawati Sitti and Nurjanah, Dade and Sari, Florita Diana},
  journal={eProceedings of Engineering},
  volume={2},
  number={3},
  year={2015}
}

@article{hinton2012,
  title={Deep neural networks for acoustic modeling in speech recognition: The shared views of four research groups},
  author={Hinton, Geoffrey and Deng, Li and Yu, Dong and Dahl, George E and Mohamed, Abdel-rahman and Jaitly, Navdeep and Senior, Andrew and Vanhoucke, Vincent and Nguyen, Patrick and Sainath, Tara N and others},
  journal={IEEE Signal processing magazine},
  volume={29},
  number={6},
  pages={82--97},
  year={2012},
  publisher={IEEE}
}

@article{dua2018,
  title={Performance evaluation of Hindi speech recognition system using optimized filterbanks},
  author={Dua, Mohit and Aggarwal, Rajesh Kumar and Biswas, Mantosh},
  journal={Engineering Science and Technology, an International Journal},
  volume={21},
  number={3},
  pages={389--398},
  year={2018},
  publisher={Elsevier}
}

@article{ouisaadane2020,
  title={Arabic digits speech recognition and speaker identification in noisy environment using a hybrid model of VQ and GMM},
  author={Ouisaadane, Abdelkbir and Safi, Said and Frikel, Miloud},
  journal={TELKOMNIKA},
  volume={18},
  number={4},
  pages={2193--2204},
  year={2020},
  publisher={Ahmad Dahlan University}
}

@article{herrera2016,
  title={Indoor navigation using bluetooth low energy (BLE) beacons},
  author={Herrera Vargas, Milan},
  year={2016},
  publisher={Turun ammattikorkeakoulu}
}

@article{canton2017,
  title={A bluetooth low energy indoor positioning system with channel diversity, weighted trilateration and kalman filtering},
  author={Cant{\'o}n Paterna, Vicente and Calveras Auge, Anna and Paradells Aspas, Josep and Perez Bullones, Maria Alejandra},
  journal={Sensors},
  volume={17},
  number={12},
  pages={2927},
  year={2017},
  publisher={Multidisciplinary Digital Publishing Institute}
}

@misc{who2019,
	title = {World Report on Vision},
	author = {WHO},
	note   = "\url{https://www.who.int/publications-detail-redirect/world-report-on-vision}",
	year = {accessed Oktober 23, 2020}
}

@misc{atlas2016,
	title = {A 2016 Global Research Report On The Indoor Positioning Market},
	author = {IndoorAtlas},
	note   = "\url{http://www.indooratlas.com/wp-content/uploads/2016/09/A-2016-Global-Research-Report-On-The-Indoor-Positioning-Market.pdf}",
	year = {accessed November 29, 2020}
}

@Comment{jabref-meta: databaseType:bibtex;}
